@article{PhysRevLett.113.085001,
 title = {Single-Shot Visualization of Evolving Laser Wakefields Using an All-Optical Streak Camera},
 author = {Li, Zhengyan and Tsai, Hai-En and Zhang, Xi and Pai, Chih-Hao and Chang, Yen-Yu and Zgadzaj, Rafal and Wang, Xiaoming and Khudik, V. and Shvets, G. and Downer, M. C.},
 journal = {Phys. Rev. Lett.},
 volume = {113},
 issue = {8},
 pages = {085001},
 numpages = {5},
 year = {2014},
 month = {Aug},
 publisher = {American Physical Society},
 doi = {10.1103/PhysRevLett.113.085001},
 url = {http://link.aps.org/doi/10.1103/PhysRevLett.113.085001}
}

@article{RevModPhys.81.1229,
      title = {Physics of laser-driven plasma-based electron accelerators},
        author = {Esarey, E. and Schroeder, C. B. and Leemans, W. P.},
          journal = {Rev. Mod. Phys.},
            volume = {81},
              issue = {3},
                pages = {1229--1285},
                  numpages = {0},
                    year = {2009},
                      month = {Aug},
                        publisher = {American Physical Society},
                          doi = {10.1103/RevModPhys.81.1229},
                            url = {http://link.aps.org/doi/10.1103/RevModPhys.81.1229}
}


@article {LPOR:LPOR200810062,
    author = {Krushelnick, K. and Malka, V.},
    title = {Laser wakefield plasma accelerators},
    journal = {Laser \& Photonics Reviews},
    volume = {4},
    number = {1},
    publisher = {WILEY-VCH Verlag},
    issn = {1863-8899},
    url = {http://dx.doi.org/10.1002/lpor.200810062},
    doi = {10.1002/lpor.200810062},
    pages = {42--52},
    keywords = {Laser-plasma acceleration of electrons and ions, laser-plasma interactions, self-focussing, channeling, and filamentation in plasmas, X-ray, gamma-ray, and particle generation.},
    year = {2010},
}

@article{malka2008principles,
      title={Principles and applications of compact laser--plasma accelerators},
        author={Malka, Victor and Faure, J{\'e}r{\^o}me and Gauduel, Yann A and Lefebvre, Erik and Rousse, Antoine and Phuoc, Kim Ta},
          journal={Nature Physics},
            volume={4},
              number={6},
                pages={447--453},
                  year={2008},
                    publisher={Nature Publishing Group}
}

@article{mangles2004monoenergetic,
      title={Monoenergetic beams of relativistic electrons from intense laser--plasma interactions},
        author={Mangles, SPD and Murphy, CD and Najmudin, Z and Thomas, AGR and Collier, JL and Dangor, AE and Divall, EJ and Foster, PS and Gallacher, JG and Hooker, CJ and others},
          journal={Nature},
            volume={431},
              number={7008},
                pages={535--538},
                  year={2004},
                    publisher={Nature Publishing Group}
}

@article{faure2004laser,
 title={A laser--plasma accelerator producing monoenergetic electron beams},
 author={Faure, J{\'e}r{\^o}me and Glinec, Yannick and Pukhov, A and Kiselev, S and Gordienko, S and Lefebvre, E and Rousseau, J-P and Burgy, F and Malka, Victor},
 journal={Nature},
 volume={431},
 number={7008},
 pages={541--544},
 year={2004},
 publisher={Nature Publishing Group}
}

@article{PhysRevLett.43.267,
  title = {Laser Electron Accelerator},
  author = {Tajima, T. and Dawson, J. M.},
  journal = {Phys. Rev. Lett.},
  volume = {43},
  issue = {4},
  pages = {267--270},
  numpages = {0},
  year = {1979},
  month = {Jul},
  publisher = {American Physical Society},
  doi = {10.1103/PhysRevLett.43.267},
  url = {http://link.aps.org/doi/10.1103/PhysRevLett.43.267}
}

